% This file was created with JabRef 2.10.
% Encoding: UTF-8


@Book{ahlfors:complex_analysis:1979,
  Title                    = {Complex Analysis},
  Author                   = {Lars V. Ahlfors},
  Publisher                = {Mc Graw Hill Education},
  Year                     = {1979},
  Edition                  = {Third Edition}
}

@Article{borel:steenrod:1953,
  Title                    = {Groupes de Lie et Puissances Reduites de Steenrod},
  Author                   = {A. Borel and J.-P. Serre},
  Journal                  = {American Journal of Mathematics},
  Year                     = {1953},
  Number                   = {3},
  Pages                    = {409-448},
  Volume                   = {75},

  ISSN                     = {00029327, 10806377},
  Publisher                = {Johns Hopkins University Press},
  Url                      = {http://www.jstor.org/stable/2372495}
}

@Book{bourbaki:general_topology:1995,
  Title                    = {General Topology - Chapters 1-4},
  Author                   = {Nicolas Bourbaki},
  Publisher                = {Springer-Verlag Berlin Heidelberg},
  Year                     = {1995},
  Edition                  = {Elements of Mathematics}
}

@Book{aliprantis:principles_of_real_analysis:1998,
  Title                    = {Principles of Real Analysis},
  Author                   = {Charalambos D. Aliprantis \and Owen Burkinshaw},
  Publisher                = {Academic Press},
  Year                     = {1998},
  Edition                  = {Third Edition}
}

@Book{cohn:measure_theory:2013,
  Title                    = {Measure Theory},
  Author                   = {Donald L. Cohn},
  Publisher                = {Springer},
  Year                     = {2013},
  Edition                  = {Second edition}
}

@Book{elstrodt:mass:2011,
  Title                    = {Mass- und Integrationstheorie},
  Author                   = {J\"urgen Elstrodt},
  Publisher                = {Springer Verlag},
  Year                     = {2011},
  Edition                  = {7.,korrigierte und aktualisierte Auflage}
}

@Book{engelking:general_topology:1989,
  Title                    = {General Topology},
  Author                   = {Ryszard Engelking},
  Publisher                = {Heldermann Verlag},
  Year                     = {1989},
  Edition                  = {Revised and completed edition}
}

@Book{folland:real_analysis:1999,
  Title                    = {Real Analysis},
  Author                   = {Gerald B. Folland},
  Publisher                = {John Wiley \& Sons, Inc.},
  Year                     = {1999},
  Edition                  = {Second Edition}
}

@Book{grauert:complex_manifolds:2010,
  Title                    = {From Holomorphic Functions to Complex Manifolds},
  Author                   = {Fritzsche, Klaus and Grauert, Hans},
  Publisher                = {Springer-Verlag New York, Inc.},
  Year                     = {2010},
  Series                   = {Graduate Texts in Mathematics},

  Owner                    = {ybaehn},
  Timestamp                = {2017.06.01}
}

@Book{gamelin:complex_analysis:2001,
  Title                    = {Complex Analysis},
  Author                   = {Theodore W. Gamelin},
  Publisher                = {Springer},
  Year                     = {2001}
}

@Book{grafakos:fourier:2014,
  Title                    = {Classical Fourier Analysis},
  Author                   = {Loukas Grafakos},
  Publisher                = {Springer Science + Business Media New York},
  Year                     = {2014},
  Edition                  = {Third Edition}
}

@Book{grillet:abstract_algebra:2007,
  Title                    = {Abstract Algebra},
  Author                   = {Pierre Antoine Grillet},
  Publisher                = {Springer Science + Business Media, LLC},
  Year                     = {2007},
  Series                   = {Graduate Texts in Mathematics},

  Owner                    = {ybaehn},
  Timestamp                = {2017.04.27}
}

@Book{hoffman:linear_algebra:1971,
  Title                    = {Linear Algebra},
  Author                   = {Hoffman, Kenneth and Kunze, Ray},
  Publisher                = {Prentice Hall},
  Year                     = {1971},
  Edition                  = {Second Edition},

  Owner                    = {ybaehn},
  Timestamp                = {2017.06.02}
}

@Book{koenigsberger:analysis_1:2004,
  Title                    = {Analysis 1},
  Author                   = {Konrad K\"onigsberger},
  Publisher                = {Springer-Verlag Berlin Heidelberg},
  Year                     = {2004},
  Edition                  = {6., durchgesehene Auflage},

  Owner                    = {ybaehn},
  Timestamp                = {2017.05.11}
}

@Book{koenigsberger:analysis_2:2004,
  Title                    = {Analysis 2},
  Author                   = {Konrad K\"onigsberger},
  Publisher                = {Springer-Verlag Berlin Heidelberg},
  Year                     = {2004},
  Edition                  = {5., korrigierte Auflage},

  Owner                    = {ybaehn},
  Timestamp                = {2017.05.11}
}

@Book{lang:complex_analysis:1993,
  Title                    = {Complex Analysis},
  Author                   = {Serge Lang},
  Publisher                = {Springer-Verlag},
  Year                     = {1993},
  Edition                  = {Third Edition}
}

@Book{lee:smooth_manifolds:2013,
  Title                    = {Introduction to Smooth Manifolds},
  Author                   = {John M. Lee},
  Publisher                = {Springer},
  Year                     = {2013},
  Edition                  = {Second Edition},
  Series                   = {Graduate Texts in Mathematics}
}

@Book{lee:topological_manifolds:2011,
  Title                    = {Introduction to Topological Manifolds},
  Author                   = {John M. Lee},
  Publisher                = {Springer Science+Business Media},
  Year                     = {2011},
  Edition                  = {Second Edition}
}

@Book{lee:Riemannian_manifolds:1997,
  Title                    = {Riemannian Manifolds - An Introduction to Curvature},
  Author                   = {John M. Lee},
  Publisher                = {Springer},
  Year                     = {1997}
}

@Book{wong:weyl_transforms:1998,
  Title                    = {Weyl Transforms},
  Author                   = {M.W.Wong},
  Publisher                = {Springer},
  Year                     = {1998}
}

@Book{munkres:topology:2000,
  Title                    = {Topology},
  Author                   = {James R. Munkres},
  Publisher                = {Prentice Hall},
  Year                     = {2000},
  Edition                  = {Second edition}
}

@Book{rudin:rc_analysis:1987,
  Title                    = {Real and Complex Analysis},
  Author                   = {Walter Rudin},
  Publisher                = {McGraw-Hill Book Company},
  Year                     = {1987},
  Edition                  = {Third Edition}
}

@Book{cannas:symplectic_geometry:2008,
  Title                    = {Lectures on Symplectic Geometry},
  Author                   = {Ana Cannas da Silva},
  Publisher                = {Springer Verlag Berlin Heidelberg},
  Year                     = {2008},
  Edition                  = {Corrected 2nd printing},
  Number                   = {1764},
  Series                   = {Lecture Notes in Mathematics},

  Owner                    = {ybaehn},
  Timestamp                = {2017.06.02}
}

@Book{steenrod:topology_fibre:1951,
  Title                    = {The Topology of Fibre Bundles},
  Author                   = {Norman Steenrod},
  Publisher                = {Princeton University Press},
  Year                     = {1951},

  Owner                    = {ybaehn},
  Timestamp                = {2017.06.03}
}

@Book{rao:complex_analysis:1991,
  Title                    = {Complex Analysis - An Invitation},
  Author                   = {Murali Rao \and Henrik Stetk{\ae}r},
  Publisher                = {World Scientific},
  Year                     = {1991}
}

@Book{weisstein2002crc,
  Title                    = {CRC Concise Encyclopedia of Mathematics, Second Edition},
  Author                   = {Weisstein, E.W.},
  Publisher                = {CRC Press},
  Year                     = {2002},

  ISBN                     = {9781420035223}
}

@Book{werner:funktionalanalysis:2011,
  Title                    = {Funktionalanalysis},
  Author                   = {Dirk Werner},
  Publisher                = {Springer},
  Year                     = {2011},
  Edition                  = {7., korrigierte und erweiterte Auflage}
}

@Book{zorich:analysis_I:2004,
  Title                    = {Mathematical Analysis I},
  Author                   = {Vladimir A. Zorich},
  Publisher                = {Springer-Verlag Berlin Heidelberg},
  Year                     = {2004}
}

